<?xml version="1.0" encoding="UTF-8"?><collection xmlns="http://www.loc.gov/MARC21/slim"><record><leader>00359nam--2200133-i-4500</leader><controlfield tag="001">000043087</controlfield><controlfield tag="002">20161230</controlfield><controlfield tag="005">20161230201043</controlfield><controlfield tag="008">060222s1000------------r-----000-0-eng-d</controlfield><datafield ind1=" " ind2=" " tag="080"><subfield code="a">538.915(043)</subfield></datafield><datafield ind1=" " ind2=" " tag="100"><subfield code="a">S Udarsanan,Kesavan</subfield></datafield><datafield ind1=" " ind2=" " tag="245"><subfield code="a">Structure cristalline des nitrates d`aluminium et de bismuth. these</subfield></datafield><datafield ind1=" " ind2=" " tag="260"><subfield code="a">Paris, Univ.1965. 42 P</subfield></datafield><datafield ind1=" " ind2=" " tag="852"><subfield code="a">78424</subfield></datafield></record></collection>